@article{boys1960construction,
   author = {Boys, S. F.},
   title = {CONSTRUCTION OF SOME MOLECULAR ORBITALS TO BE APPROXIMATELY INVARIANT FOR CHANGES FROM ONE MOLECULE TO ANOTHER},
   journal = {Reviews of Modern Physics},
   volume = {32},
   number = {2},
   pages = {296-299},
   ISSN = {0034-6861},
   DOI = {10.1103/RevModPhys.32.296},
   url = {<Go to ISI>://WOS:A1960WH66300019},
   year = {1960},
   type = {Journal Article}
}

@article{edmiston1963localized,
   author = {Edmiston, C. and Ruedenberg, K.},
   title = {LOCALIZED ATOMIC AND MOLECULAR ORBITALS},
   journal = {Reviews of Modern Physics},
   volume = {35},
   number = {3},
   pages = {457-&},
   ISSN = {0034-6861},
   DOI = {10.1103/RevModPhys.35.457},
   url = {<Go to ISI>://WOS:A19632563C00018},
   year = {1963},
   type = {Journal Article}
}

@article{anderson1968self,
   author = {Anderson, P. W.},
   title = {98SELF-CONSISTENT PSEUDOPOTENTIALS AND ULTRALOCALIZED FUNCTIONS FOR ENERGY BANDS},
   journal = {Physical Review Letters},
   volume = {21},
   number = {1},
   pages = {13-&},
   ISSN = {0031-9007},
   DOI = {10.1103/PhysRevLett.21.13},
   url = {<Go to ISI>://WOS:A1968B336100004},
   year = {1968},
   type = {Journal Article}
}

@article{diner1968fully,
   author = {Diner, S. and Malrieu, J. P. and Claverie, P. and Jordan, F.},
   title = {Fully localized bond orbitals and the correlation problem},
   journal = {Chemical Physics Letters},
   volume = {2},
   number = {5},
   pages = {319-323},
   ISSN = {0009-2614},
   DOI = {10.1016/0009-2614(68)80085-5},
   url = {<Go to ISI>://WOS:000202965900015},
   year = {1968},
   type = {Journal Article}
}

@article{weinstein1971localized,
   author = {Weinstein, H. and Pauncz, R. M. and Cohen, M.},
   title = {Localized Molecular Orbitals},
   journal = {Advances in Atomic and Molecular Physics},
   volume = {7},
   pages = {97-140},
   year = {1971},
   type = {Journal Article}
}

@article{niessen1972density,
   author = {Niessen, W. V.},
   title = {DENSITY LOCALIZATION OF ATOMIC AND MOLECULAR-ORBITALS .1},
   journal = {Journal of Chemical Physics},
   volume = {56},
   number = {9},
   pages = {4290-&},
   ISSN = {0021-9606},
   url = {<Go to ISI>://WOS:A1972M345200007},
   year = {1972},
   type = {Journal Article}
}

@article{pipek1989a_fast,
   author = {Pipek, J. and Mezey, P. G.},
   title = {A FAST INTRINSIC LOCALIZATION PROCEDURE APPLICABLE FOR ABINITIO AND SEMIEMPIRICAL LINEAR COMBINATION OF ATOMIC ORBITAL WAVE-FUNCTIONS},
   journal = {Journal of Chemical Physics},
   volume = {90},
   number = {9},
   pages = {4916-4926},
   ISSN = {0021-9606},
   DOI = {10.1063/1.456588},
   url = {<Go to ISI>://WOS:A1989U336000031},
   year = {1989},
   type = {Journal Article}
}

@article{wang1992simple,
   author = {Wang, L. W. and Teter, M. P.},
   title = {SIMPLE QUANTUM-MECHANICAL MODEL OF COVALENT BONDING USING A TIGHT-BINDING BASIS},
   journal = {Physical Review B},
   volume = {46},
   number = {19},
   pages = {12798-12801},
   ISSN = {0163-1829},
   DOI = {10.1103/PhysRevB.46.12798},
   url = {<Go to ISI>://WOS:A1992JZ03900091},
   year = {1992},
   type = {Journal Article}
}

@article{mauri1993orbital,
   author = {Mauri, F. and Galli, G. and Car, R.},
   title = {ORBITAL FORMULATION FOR ELECTRONIC-STRUCTURE CALCULATIONS WITH LINEAR SYSTEM-SIZE SCALING},
   journal = {Physical Review B},
   volume = {47},
   number = {15},
   pages = {9973-9976},
   ISSN = {0163-1829},
   DOI = {10.1103/PhysRevB.47.9973},
   url = {<Go to ISI>://WOS:A1993KZ50800109},
   year = {1993},
   type = {Journal Article}
}

@article{ordejon1993unconstrained,
   author = {Ordejon, P. and Drabold, D. A. and Grumbach, M. P. and Martin, R. M.},
   title = {UNCONSTRAINED MINIMIZATION APPROACH FOR ELECTRONIC COMPUTATIONS THAT SCALES LINEARLY WITH SYSTEM SIZE},
   journal = {Physical Review B},
   volume = {48},
   number = {19},
   pages = {14646-14649},
   ISSN = {0163-1829},
   DOI = {10.1103/PhysRevB.48.14646},
   url = {<Go to ISI>://WOS:A1993MJ06500073},
   year = {1993},
   type = {Journal Article}
}

@article{goedecker1994efficient,
   author = {Goedecker, S. and Colombo, L.},
   title = {EFFICIENT LINEAR SCALING ALGORITHM FOR TIGHT-BINDING MOLECULAR-DYNAMICS},
   journal = {Physical Review Letters},
   volume = {73},
   number = {1},
   pages = {122-125},
   ISSN = {0031-9007},
   DOI = {10.1103/PhysRevLett.73.122},
   url = {<Go to ISI>://WOS:A1994NV63100031},
   year = {1994},
   type = {Journal Article}
}

@article{mauri1994electronic,
   author = {Mauri, F. and Galli, G.},
   title = {ELECTRONIC-STRUCTURE CALCULATIONS AND MOLECULAR-DYNAMICS SIMULATIONS WITH LINEAR SYSTEM-SIZE SCALING},
   journal = {Physical Review B},
   volume = {50},
   number = {7},
   pages = {4316-4326},
   ISSN = {1098-0121},
   DOI = {10.1103/PhysRevB.50.4316},
   url = {<Go to ISI>://WOS:A1994PD75300006},
   year = {1994},
   type = {Journal Article}
}

@article{stechel1994n_scaling,
   author = {Stechel, E. B. and Williams, A. R. and Feibelman, P. J.},
   title = {N-SCALING ALGORITHM FOR DENSITY-FUNCTIONAL CALCULATIONS OF METALS AND INSULATORS},
   journal = {Physical Review B},
   volume = {49},
   number = {15},
   pages = {10088-10101},
   ISSN = {0163-1829},
   DOI = {10.1103/PhysRevB.49.10088},
   url = {<Go to ISI>://WOS:A1994NJ75600003},
   year = {1994},
   type = {Journal Article}
}

@article{liu2000nonorthogonal,
   author = {Liu, S. B. and Perez-Jorda, J. M. and Yang, W. T.},
   title = {Nonorthogonal localized molecular orbitals in electronic structure theory},
   journal = {Journal of Chemical Physics},
   volume = {112},
   number = {4},
   pages = {1634-1644},
   ISSN = {0021-9606},
   DOI = {10.1063/1.480730},
   url = {<Go to ISI>://WOS:000084776000002},
   year = {2000},
   type = {Journal Article}
}

@article{bytautas2002electron,
   author = {Bytautas, L. and Ruedenberg, K.},
   title = {Electron pairs, localized orbitals and electron correlation},
   journal = {Molecular Physics},
   volume = {100},
   number = {6},
   pages = {757-781},
   ISSN = {0026-8976},
   DOI = {10.1080/00268970110095165},
   url = {<Go to ISI>://WOS:000174231800006},
   year = {2002},
   type = {Journal Article}
}

@article{bytautas2003split,
   author = {Bytautas, L. and Ivanic, J. and Ruedenberg, K.},
   title = {Split-localized orbitals can yield stronger configuration interaction convergence than natural orbitals},
   journal = {Journal of Chemical Physics},
   volume = {119},
   number = {16},
   pages = {8217-8224},
   ISSN = {0021-9606},
   DOI = {10.1063/1.1610434},
   url = {<Go to ISI>://WOS:000185865500002},
   year = {2003},
   type = {Journal Article}
}

@article{feng2004An_efficient,
   author = {Feng, H. S. and Bian, J. and Li, L. M. and Yang, W. T.},
   title = {An efficient method for constructing nonorthogonal localized molecular orbitals},
   journal = {Journal of Chemical Physics},
   volume = {120},
   number = {20},
   pages = {9458-9466},
   ISSN = {0021-9606},
   DOI = {10.1063/1.1691396},
   url = {<Go to ISI>://WOS:000221268300005},
   year = {2004},
   type = {Journal Article}
}

@article{burger2008linear,
   author = {Burger, S. K. and Yang, W. T.},
   title = {Linear-scaling quantum calculations using non-orthogonal localized molecular orbitals},
   journal = {Journal of Physics-Condensed Matter},
   volume = {20},
   number = {29},
   DOI = {10.1088/0953-8984/20/29/294209},
   url = {<Go to ISI>://WOS:000257325900014},
   year = {2008},
   type = {Journal Article}
}

@article{peng2013effective,
   author = {Peng, L. and Gu, F. L. and Yang, W. T.},
   title = {Effective preconditioning for ab initio ground state energy minimization with non-orthogonal localized molecular orbitals},
   journal = {Physical Chemistry Chemical Physics},
   volume = {15},
   number = {37},
   pages = {15518-15527},
   ISSN = {1463-9076},
   DOI = {10.1039/c3cp52989d},
   url = {<Go to ISI>://WOS:000323727800031},
   year = {2013},
   type = {Journal Article}
}

@article{magnasco1974localized,
  title={Localized orbitals and short-range molecular interactions. I. Theory},
  author={Magnasco, V and Musso, GF},
  journal={The Journal of Chemical Physics},
  volume={60},
  number={10},
  pages={3744--3748},
  year={1974},
  publisher={AIP}
}

@article{payne1977hartree,
  title={The Hartree-Fock theory of local regions in molecules},
  author={Payne, Philip W},
  journal={Journal of the American Chemical Society},
  volume={99},
  number={11},
  pages={3787--3794},
  year={1977},
  publisher={ACS Publications}
}

@article{mehler1977self,
  title={Self-consistent, nonorthogonal group function approximation for polyatomic systems. I. Closed shells},
  author={Mehler, Ernest L},
  journal={The Journal of Chemical Physics},
  volume={67},
  number={6},
  pages={2728--2739},
  year={1977},
  publisher={AIP}
}

@article{cui2010efficient,
  title={Efficient construction of nonorthogonal localized molecular orbitals in large systems},
  author={Cui, Ganglong and Fang, Weihai and Yang, Weitao},
  journal={The Journal of Physical Chemistry A},
  volume={114},
  number={33},
  pages={8878--8883},
  year={2010},
  publisher={ACS Publications}
}

@article{hoyvik2017generalising,
  title={Generalising localisation schemes of orthogonal orbitals to the localisation of non-orthogonal orbitals},
  author={H{\o}yvik, Ida-Marie and Olsen, Jeppe and J{\o}rgensen, Poul},
  journal={Molecular Physics},
  volume={115},
  number={1-2},
  pages={16--25},
  year={2017},
  publisher={Taylor \& Francis}
}
