@article{boys1960construction,
   author = {Boys, S. F.},
   title = {CONSTRUCTION OF SOME MOLECULAR ORBITALS TO BE APPROXIMATELY INVARIANT FOR CHANGES FROM ONE MOLECULE TO ANOTHER},
   journal = {Rev. Mod. Phys.},
   volume = {32},
   pages = {296},
   DOI = {10.1103/RevModPhys.32.296},
   year = {1960}
}

@article{edmiston1963localized,
   author = {Edmiston, C. and Ruedenberg, K.},
   title = {LOCALIZED ATOMIC AND MOLECULAR ORBITALS},
   journal = {Rev. Mod. Phys.},
   volume = {35},
   pages = {457},
   DOI = {10.1103/RevModPhys.35.457},
   year = {1963}
}

@article{anderson1968self,
   author = {Anderson, P. W.},
   title = {98SELF-CONSISTENT PSEUDOPOTENTIALS AND ULTRALOCALIZED FUNCTIONS FOR ENERGY BANDS},
   journal = {Phys. Rev. Lett.},
   volume = {21},
   pages = {13},
   DOI = {10.1103/PhysRevLett.21.13},
   year = {1968}
}

@article{diner1968fully,
   author = {Diner, S. and Malrieu, J. P. and Claverie, P. and Jordan, F.},
   title = {Fully localized bond orbitals and the correlation problem},
   journal = {Chem. Phys. Lett.},
   volume = {2},
   pages = {319},
   DOI = {10.1016/0009-2614(68)80085-5},
   year = {1968}
}

@article{weinstein1971localized,
   author = {Weinstein, H. and Pauncz, R. M. and Cohen, M.},
   title = {Localized Molecular Orbitals},
   journal = {Adv. At. Mol. Phys.},
   volume = {7},
   pages = {97},
   year = {1971}
}

@article{niessen1972density,
   author = {Niessen, W. V.},
   title = {DENSITY LOCALIZATION OF ATOMIC AND MOLECULAR-ORBITALS .1},
   journal = {J. Chem. Phys.},
   volume = {56},
   pages = {4290},
   year = {1972}
}

@article{pipek1989a_fast,
   author = {Pipek, J. and Mezey, P. G.},
   title = {A FAST INTRINSIC LOCALIZATION PROCEDURE APPLICABLE FOR ABINITIO AND SEMIEMPIRICAL LINEAR COMBINATION OF ATOMIC ORBITAL WAVE-FUNCTIONS},
   journal = {J. Chem. Phys.},
   volume = {90},
   pages = {4916},
   DOI = {10.1063/1.456588},
   year = {1989}
}

@article{wang1992simple,
   author = {Wang, L. W. and Teter, M. P.},
   title = {SIMPLE QUANTUM-MECHANICAL MODEL OF COVALENT BONDING USING A TIGHT-BINDING BASIS},
   journal = {Phys. Rev. B},
   volume = {46},
   pages = {12798},
   DOI = {10.1103/PhysRevB.46.12798},
   year = {1992}
}

@article{mauri1993orbital,
   author = {Mauri, F. and Galli, G. and Car, R.},
   title = {ORBITAL FORMULATION FOR ELECTRONIC-STRUCTURE CALCULATIONS WITH LINEAR SYSTEM-SIZE SCALING},
   journal = {Phys. Rev. B},
   volume = {47},
   pages = {9973},
   DOI = {10.1103/PhysRevB.47.9973},
   year = {1993}
}

@article{ordejon1993unconstrained,
   author = {Ordejon, P. and Drabold, D. A. and Grumbach, M. P. and Martin, R. M.},
   title = {UNCONSTRAINED MINIMIZATION APPROACH FOR ELECTRONIC COMPUTATIONS THAT SCALES LINEARLY WITH SYSTEM SIZE},
   journal = {Phys. Rev. B},
   volume = {48},
   pages = {14646},
   DOI = {10.1103/PhysRevB.48.14646},
   year = {1993}
}

@article{goedecker1994efficient,
   author = {Goedecker, S. and Colombo, L.},
   title = {EFFICIENT LINEAR SCALING ALGORITHM FOR TIGHT-BINDING MOLECULAR-DYNAMICS},
   journal = {Phys. Rev. Lett.},
   volume = {73},
   pages = {122},
   DOI = {10.1103/PhysRevLett.73.122},
   year = {1994}
}

@article{mauri1994electronic,
   author = {Mauri, F. and Galli, G.},
   title = {ELECTRONIC-STRUCTURE CALCULATIONS AND MOLECULAR-DYNAMICS SIMULATIONS WITH LINEAR SYSTEM-SIZE SCALING},
   journal = {Phys. Rev. B},
   volume = {50},
   pages = {4316},
   DOI = {10.1103/PhysRevB.50.4316},
   year = {1994}
}

@article{stechel1994n_scaling,
   author = {Stechel, E. B. and Williams, A. R. and Feibelman, P. J.},
   title = {N-SCALING ALGORITHM FOR DENSITY-FUNCTIONAL CALCULATIONS OF METALS AND INSULATORS},
   journal = {Phys. Rev. B},
   volume = {49},
   pages = {10088},
   DOI = {10.1103/PhysRevB.49.10088},
   year = {1994}
}

@article{liu2000nonorthogonal,
   author = {Liu, S. B. and Perez-Jorda, J. M. and Yang, W. T.},
   title = {Nonorthogonal localized molecular orbitals in electronic structure theory},
   journal = {J. Chem. Phys.},
   volume = {112},
   pages = {1634},
   DOI = {10.1063/1.480730},
   year = {2000}
}

@article{bytautas2002electron,
   author = {Bytautas, L. and Ruedenberg, K.},
   title = {Electron pairs, localized orbitals and electron correlation},
   journal = {Mol. Phys.},
   volume = {100},
   pages = {757},
   DOI = {10.1080/00268970110095165},
   year = {2002}
}

@article{bytautas2003split,
   author = {Bytautas, L. and Ivanic, J. and Ruedenberg, K.},
   title = {Split-localized orbitals can yield stronger configuration interaction convergence than natural orbitals},
   journal = {J. Chem. Phys.},
   volume = {119},
   pages = {8217},
   DOI = {10.1063/1.1610434},
   year = {2003}
}

@article{feng2004An_efficient,
   author = {Feng, H. S. and Bian, J. and Li, L. M. and Yang, W. T.},
   title = {An efficient method for constructing nonorthogonal localized molecular orbitals},
   journal = {J. Chem. Phys.},
   volume = {120},
   pages = {9458},
   DOI = {10.1063/1.1691396},
   year = {2004}
}

@article{burger2008linear,
  title={Linear-scaling quantum calculations using non-orthogonal localized molecular orbitals},
  author={Burger, Steven K and Yang, Weitao},
  journal={J. Phys.: Condens. Matter},
  volume={20},
  pages={294209},
  year={2008},
}

@article{peng2013effective,
   author = {Peng, L. and Gu, F. L. and Yang, W. T.},
   title = {Effective preconditioning for ab initio ground state energy minimization with non-orthogonal localized molecular orbitals},
   journal = {Phys. Chem. Chem. Phys.},
   volume = {15},
   pages = {15518},
   DOI = {10.1039/c3cp52989d},
   year = {2013}
}

@article{magnasco1974localized,
  title={Localized orbitals and short-range molecular interactions. I. Theory},
  author={Magnasco, V and Musso, GF},
  journal={J. Chem. Phys.},
  volume={60},
  pages={3744},
  year={1974}
}

@article{payne1977hartree,
  title={The Hartree-Fock theory of local regions in molecules},
  author={Payne, Philip W},
  journal={J. Am. Chem. Soc.},
  volume={99},
  pages={3787},
  year={1977}
}

@article{mehler1977self,
  title={Self-consistent, nonorthogonal group function approximation for polyatomic systems. I. Closed shells},
  author={Mehler, Ernest L},
  journal={J. Chem. Phys.},
  volume={67},
  pages={2728},
  year={1977}
}

@article{cui2010efficient,
  title={Efficient construction of nonorthogonal localized molecular orbitals in large systems},
  author={Cui, Ganglong and Fang, Weihai and Yang, Weitao},
  journal={J. Phys. Chem. A},
  volume={114},
  pages={8878},
  year={2010}
}

@article{hoyvik2017generalising,
  title={Generalising localisation schemes of orthogonal orbitals to the localisation of non-orthogonal orbitals},
  author={H{\o}yvik, Ida-Marie and Olsen, Jeppe and J{\o}rgensen, Poul},
  journal={Mol. Phys.},
  volume={115},
  pages={16},
  year={2017}
}

@article{melichar2018systematic,
  title={A systematic examination of classical and multi-center bonding in heteroborane clusters},
  author={Melichar, Petr and Hnyk, Drahom{\'\i}r and Fanfrl{\'\i}k, Jind{\v{r}}ich},
  journal={Phys. Chem. Chem. Phys.},
  volume={20},
  pages={4666},
  year={2018},
}

@Article{cp2kgeneral,
  Title                    = {General Program to Perform Molecular Dynamics Simulations},
  Author                   = {CP2k, A},
  Journal                  = {CP2k developers group under the terms of the GNU General Public License}
}

@article{hutter2014cp2k,
  title={cp2k: atomistic simulations of condensed matter systems},
  author={Hutter, J{\"u}rg and Iannuzzi, Marcella and Schiffmann, Florian and VandeVondele, Joost},
  journal={Wiley Interdiscip. Rev.: Comput. Mol. Sci.},
  volume={4},
  pages={15},
  year={2014}
}

@article{goedecker1996separable,
  title={Separable dual-space Gaussian pseudopotentials},
  author={Goedecker, S and Teter, M and Hutter, J{\"u}rg},
  journal={Phys. Rev. B},
  volume={54},
  pages={1703},
  year={1996}
}

@article{becke1988density,
  title={Density-functional exchange-energy approximation with correct asymptotic behavior},
  author={Becke, Axel D},
  journal={Phys. Rev. A},
  volume={38},
  pages={3098},
  year={1988}
}

@article{lee1988development,
  title={Development of the Colle-Salvetti correlation-energy formula into a functional of the electron density},
  author={Lee, Chengteh and Yang, Weitao and Parr, Robert G},
  journal={Phys. Rev. B},
  volume={37},
  pages={785},
  year={1988}
}

@article{pulay1986orbital,
  title={Orbital-invariant formulation and second-order gradient evaluation in M{\o}ller-Plesset perturbation theory},
  author={Pulay, Peter and Saeb{\o}, Svein},
  journal={Theor. Chim. Acta},
  volume={69},
  pages={357},
  year={1986}
}

@article{pisani2005local,
  title={Local-MP2 electron correlation method for nonconducting crystals},
  author={Pisani, Cesare and Busso, M and Capecchi, G and Casassa, S and Dovesi, Roberto and Maschio, Lorenzo and Zicovich-Wilson, C and Sch{\"u}tz, M},
  journal={J. Chem. Phys.},
  volume={122},
  pages={094113},
  year={2005}
}

@article{saebo2001low,
  title={A low-scaling method for second order M{\o}ller--Plesset calculations},
  author={Saeb{\o}, Svein and Pulay, Peter},
  journal={J. Chem. Phys.},
  volume={115},
  pages={3975},
  year={2001}
}

@article{hampel1996local,
  title={Local treatment of electron correlation in coupled cluster theory},
  author={Hampel, Claudia and Werner, Hans-Joachim},
  journal={J. Chem. Phys.},
  volume={104},
  pages={6286},
  year={1996}
}

@article{saebo1993local,
  title={Local treatment of electron correlation},
  author={Saebo, S and Pulay, Peter},
  journal={Annu. Rev. Phys. Chem.},
  volume={44},
  pages={213},
  year={1993}
}

@article{schutz1999low,
  title={Low-order scaling local electron correlation methods. I. Linear scaling local MP2},
  author={Sch{\"u}tz, Martin and Hetzer, Georg and Werner, Hans-Joachim},
  journal={J. Chem. Phys.},
  volume={111},
  pages={5691},
  year={1999}
}

@article{hetzer2000low,
  title={Low-order scaling local correlation methods II: Splitting the Coulomb operator in linear scaling local second-order M{\o}ller--Plesset perturbation theory},
  author={Hetzer, Georg and Sch{\"u}tz, Martin and Stoll, Hermann and Werner, Hans-Joachim},
  journal={J. Chem. Phys.},
  volume={113},
  pages={9443},
  year={2000}
}

@article{schutz2001low,
  title={Low-order scaling local electron correlation methods. IV. Linear scaling local coupled-cluster (LCCSD)},
  author={Sch{\"u}tz, Martin and Werner, Hans-Joachim},
  journal={J. Chem. Phys.},
  volume={114},
  pages={661},
  year={2001}
}

@article{marzari2012maximally,
  title={Maximally localized Wannier functions: Theory and applications},
  author={Marzari, Nicola and Mostofi, Arash A and Yates, Jonathan R and Souza, Ivo and Vanderbilt, David},
  journal={Rev. Mod. Phys.},
  volume={84},
  pages={1419},
  year={2012}
}

@article{berghold2000general,
  title={General and efficient algorithms for obtaining maximally localized Wannier functions},
  author={Berghold, Gerd and Mundy, Christopher J and Romero, Aldo H and Hutter, J{\"u}rg and Parrinello, Michele},
  journal={Phys. Rev. B},
  volume={61},
  pages={10040},
  year={2000}
}

@article{resta1999electron,
  title={Electron localization in the insulating state},
  author={Resta, Raffaele and Sorella, Sandro},
  journal={Phys. Rev. Lett.},
  volume={82},
  pages={370},
  year={1999}
}

@article{resta1998quantum,
  title={Quantum-mechanical position operator in extended systems},
  author={Resta, Raffaele},
  journal={Phys. Rev. Lett.},
  volume={80},
  pages={1800},
  year={1998}
}

@article{bowler2012methods,
  title={Methods in electronic structure calculations},
  author={Bowler, DR and Miyazaki, Tsuyoshi},
  journal={Rep. Prog. Phys.},
  volume={75},
  pages={036503},
  year={2012}
}

@book{zalesny2011linear,
  title={Linear-Scaling Techniques in Computational Chemistry and Physics: Methods and Applications},
  author={Zale{\'s}ny, Robert and Papadopoulos, Manthos G and Mezey, Paul G and Leszczynski, Jerzy},
  volume={13},
  year={2011},
  publisher={Springer Science \& Business Media}
}

@article{goedecker1999linear,
  title={Linear scaling electronic structure methods},
  author={Goedecker, Stefan},
  journal={Rev. Mod. Phys.},
  volume={71},
  pages={1085},
  year={1999}
}

@article{forner1997numerical,
  title={Numerical application of the coupled cluster theory with localized orbitals to polymers. IV. Band structure corrections in model systems and polyacetylene},
  author={F{\"o}rner, Wolfgang and Knab, Reinhard and {\v{C}}\'{i}{\v{z}}ek, Ji{\v{r}}{\i}́ and Ladik, Janos},
  journal={J. Chem. Phys.},
  volume={106},
  pages={10248},
  year={1997}
}
  
@article{lehtola2014pipek,
  title={Pipek--Mezey orbital localization using various partial charge estimates},
  author={Lehtola, Susi and J{\'o}nsson, Hannes},
  journal={J. Chem. Theory Comput.},
  volume={10},
  pages={642},
  year={2014}
}

@article{pipek1989fast,
  title={A fast intrinsic localization procedure applicable for abinitio and semiempirical linear combination of atomic orbital wave functions},
  author={Pipek, J{\'a}nos and Mezey, Paul G},
  journal={J. Chem. Phys.},
  volume={90},
  pages={4916},
  year={1989}
}

@article{silvestrelli1999maximally,
  title={Maximally localized Wannier functions for simulations with supercells of general symmetry},
  author={Silvestrelli, Pier Luigi},
  journal={Phys. Rev. B},
  volume={59},
  pages={9703},
  year={1999}
}

@article{mulliken1955electronic,
  title={Electronic population analysis on LCAO--MO molecular wave functions. I},
  author={Mulliken, Robert S},
  journal={J. Chem. Phys.},
  volume={23},
  pages={1833},
  year={1955}
}

@article{lowdin1950non,
  title={On the non-orthogonality problem connected with the use of atomic wave functions in the theory of molecules and crystals},
  author={L{\"o}wdin, Per-Olov},
  journal={J. Chem. Phys.},
  volume={18},
  pages={365},
  year={1950}
}

@article{head1998tensor,
  title={A tensor formulation of many-electron theory in a nonorthogonal single-particle basis},
  author={Head-Gordon, Martin and Maslen, Paul E and White, Christopher A},
  journal={J. Chem. Phys.},
  volume={108},
  pages={616},
  year={1998}
}

@article{sundberg1979variationally,
  title={Variationally deorthogonalized localized molecular orbitals},
  author={Sundberg, Kenneth R and Bicerano, Jozef and Lipscomb, William N},
  journal={J. Chem. Phys.},
  volume={71},
  pages={1515},
  year={1979}
}

@article{polly2004fast,
  title={Fast Hartree--Fock theory using local density fitting approximations},
  author={Polly, Robert and Werner*, Hans-Joachim and Manby, Frederick R and Knowles, Peter J},
  journal={Mol. Phys.},
  volume={102},
  pages={2311},
  year={2004}
}

@article{edmiston1965localized,
  title={Localized atomic and molecular orbitals. II},
  author={Edmiston, Clyde and Ruedenberg, Klaus},
  journal={J. Chem. Phys.},
  volume={43},
  pages={S97},
  year={1965}
}

@article{hoyvik2012orbital,
  title={Orbital localization using fourth central moment minimization},
  author={H{\o}yvik, Ida-Marie and Jansik, Branislav and J{\o}rgensen, Poul},
  journal={J. Chem. Phys.},
  volume={137},
  pages={224114},
  year={2012}
}

@article{borvstnik2014sparse,
  title={Sparse matrix multiplication: The distributed block-compressed sparse row library},
  author={Bor{\v{s}}tnik, Urban and VandeVondele, Joost and Weber, Val{\'e}ry and Hutter, J{\"u}rg},
  journal={Parallel Comput.},
  volume={40},
  pages={47},
  year={2014}
}