@Control{achemso-ctrl,
  ctrl-article-title = {yes}
}
