@article{boys1960construction,
   author = {Boys, S. F.},
   Title = {Construction of Some Molecular Orbitals to Be Approximately Invariant for Changes from One Molecule to Another},
   journal = {Rev. Mod. Phys.},
   volume = {32},
   pages = {296--299},
   DOI = {10.1103/RevModPhys.32.296},
   year = {1960}
}

@article{edmiston1963localized,
   author = {Edmiston, C. and Ruedenberg, K.},
   Title = {Localized Atomic and Molecular Orbitals},
   journal = {Rev. Mod. Phys.},
   volume = {35},
   pages = {457--465},
   DOI = {10.1103/RevModPhys.35.457},
   year = {1963}
}

@article{anderson1968self,
   author = {Anderson, P. W.},
   Title = {Self-Consistent Pseudopotentials and Ultralocalized Functions for Energy Bands},
   journal = {Phys. Rev. Lett.},
   volume = {21},
   pages = {13--16},
   DOI = {10.1103/PhysRevLett.21.13},
   year = {1968}
}

@article{diner1968fully,
   author = {Diner, S. and Malrieu, J. P. and Claverie, P. and Jordan, F.},
   Title = {Fully Localized Bond Orbitals and the Correlation Problem},
   journal = {Chem. Phys. Lett.},
   volume = {2},
   pages = {319--323},
   DOI = {10.1016/0009-2614(68)80085-5},
   year = {1968}
}

@article{niessen1972density,
   author = {Niessen, W. V.},
   Title = {Density Localization of Atomic and Molecular Orbitals},
   journal = {J. Chem. Phys.},
   volume = {56},
   pages = {4290--4297},
   year = {1972}
}

@article{pipek1989fast,
   author = {Pipek, J. and Mezey, P. G.},
   Title = {A Fast Intrinsic Localization Procedure Applicable for Ab Initio and Semiempirical Linear Combination of Atomic Orbital Wave Functions},
   journal = {J. Chem. Phys.},
   volume = {90},
   pages = {4916--4926},
   DOI = {10.1063/1.456588},
   year = {1989}
}


@article{goedecker1994efficient,
   author = {Goedecker, S. and Colombo, L.},
   Title = {Efficient Linear Scaling Algorithm for Tight-Binding Molecular Dynamics},
   journal = {Phys. Rev. Lett.},
   volume = {73},
   pages = {122--125},
   DOI = {10.1103/PhysRevLett.73.122},
   year = {1994}
}

@article{liu2000nonorthogonal,
   author = {Liu, S. B. and Perez-Jorda, J. M. and Yang, W. T.},
   Title = {Nonorthogonal Localized Molecular Orbitals in Electronic Structure Theory},
   journal = {J. Chem. Phys.},
   volume = {112},
   pages = {1634--1644},
   DOI = {10.1063/1.480730},
   year = {2000}
}

@article{bytautas2002electron,
   author = {Bytautas, L. and Ruedenberg, K.},
   Title = {Electron Pairs, Localized Orbitals and Electron Correlation},
   journal = {Mol. Phys.},
   volume = {100},
   pages = {757--781},
   DOI = {10.1080/00268970110095165},
   year = {2002}
}

@article{bytautas2003split,
   author = {Bytautas, L. and Ivanic, J. and Ruedenberg, K.},
   Title = {Split-Localized Orbitals Can Yield Stronger Configuration Interaction Convergence Than Natural Orbitals},
   journal = {J. Chem. Phys.},
   volume = {119},
   pages = {8217--8224},
   DOI = {10.1063/1.1610434},
   year = {2003}
}

@article{feng2004An_efficient,
   author = {Feng, H. S. and Bian, J. and Li, L. M. and Yang, W. T.},
   Title = {An Efficient Method for Constructing Nonorthogonal Localized Molecular Orbitals},
   journal = {J. Chem. Phys.},
   volume = {120},
   pages = {9458--9466},
   DOI = {10.1063/1.1691396},
   year = {2004}
}

@article{peng2013effective,
   author = {Peng, L. and Gu, F. L. and Yang, W. T.},
   Title = {Effective Preconditioning for Ab Initio Ground State Energy Minimization with Non-Orthogonal Localized Molecular Orbitals},
   journal = {Phys. Chem. Chem. Phys.},
   volume = {15},
   pages = {15518--15527},
   DOI = {10.1039/c3cp52989d},
   year = {2013}
}

@article{magnasco1974localized,
  Title={Localized Orbitals and Short-Range Molecular Interactions. I. Theory},
  author={Magnasco, V and Musso, GF},
  journal={J. Chem. Phys.},
  volume={60},
  pages={3744--3748},
  year={1974}
}

@article{payne1977hartree,
  Title={The Hartree-Fock Theory of Local Regions in Molecules},
  author={Payne, PW},
  journal={J. Am. Chem. Soc.},
  volume={99},
  pages={3787--3794},
  year={1977}
}

@article{mehler1977self,
  Title={Self-Consistent, Nonorthogonal Group Function Approximation for Polyatomic Systems. I. Closed Shells},
  author={Mehler, EL},
  journal={J. Chem. Phys.},
  volume={67},
  pages={2728--2739},
  year={1977}
}

@article{cui2010efficient,
  Title={Efficient Construction of Nonorthogonal Localized Molecular Orbitals in Large Systems},
  author={Cui, G and Fang, W and Yang, W},
  journal={J. Phys. Chem. A},
  volume={114},
  pages={8878--8883},
  year={2010}
}

@article{hoyvik2017generalising,
  Title={Generalising Localisation Schemes of Orthogonal Orbitals to the Localisation of Non-Orthogonal Orbitals},
  author={H{\o}yvik, IM and Olsen, J and J{\o}rgensen, P},
  journal={Mol. Phys.},
  volume={115},
  pages={16--25},
  year={2017}
}

@article{pulay1986orbital,
  Title={Orbital-Invariant Formulation and Second-Order Gradient Evaluation in M{\o}ller-Plesset Perturbation Theory},
  author={Pulay, P and Saeb{\o}, S},
  journal={Theor. Chim. Acta},
  volume={69},
  pages={357--368},
  year={1986}
}

@article{pisani2005local,
  Title={Local-MP2 Electron Correlation Method for Nonconducting Crystals},
  author={Pisani, C and Busso, M and Capecchi, G and Casassa, S and Dovesi, R and Maschio, L and Zicovich-Wilson, C and Sch{\"u}tz, M},
  journal={J. Chem. Phys.},
  volume={122},
  pages={094113},
  year={2005}
}

@article{saebo2001low,
  Title={A Low-Scaling Method for Second Order M{\o}ller--Plesset Calculations},
  author={Saeb{\o}, Svein and Pulay, Peter},
  journal={J. Chem. Phys.},
  volume={115},
  pages={3975--3983},
  year={2001}
}

@article{hampel1996local,
  Title={Local Treatment of Electron Correlation in Coupled Cluster Theory},
  author={Hampel, C and Werner, HJ},
  journal={J. Chem. Phys.},
  volume={104},
  pages={6286--6297},
  year={1996}
}

@article{saebo1993local,
  Title={Local Treatment of Electron Correlation},
  author={Saebo, S and Pulay, P},
  journal={Annu. Rev. Phys. Chem.},
  volume={44},
  pages={213--236},
  year={1993}
}

@article{schutz1999low,
  Title={Low-Order Scaling Local Electron Correlation Methods. I. Linear Scaling Local MP2},
  author={Sch{\"u}tz, M and Hetzer, G and Werner, HJ},
  journal={J. Chem. Phys.},
  volume={111},
  pages={5691--5705},
  year={1999}
}

@article{hetzer2000low,
  Title={Low-Order Scaling Local Correlation Methods II: Splitting the Coulomb Pperator in Linear Scaling Local Second-Order M{\o}ller--Plesset Perturbation Theory},
  author={Hetzer, G and Sch{\"u}tz, M and Stoll, H and Werner, HJ},
  journal={J. Chem. Phys.},
  volume={113},
  pages={9443--9455},
  year={2000}
}

@article{schutz2001low,
  Title={Low-Order Scaling Local Electron Correlation Methods. IV. Linear Scaling Local Coupled-Cluster (LCCSD)},
  author={Sch{\"u}tz, M and Werner, HJ},
  journal={J. Chem. Phys.},
  volume={114},
  pages={661--681},
  year={2001}
}

@article{marzari2012maximally,
  Title={Maximally Localized Wannier Functions: Theory and Applications},
  author={Marzari, N and Mostofi, AA and Yates, JR and Souza, I and Vanderbilt, D},
  journal={Rev. Mod. Phys.},
  volume={84},
  pages={1419--1475},
  year={2012}
}

@article{berghold2000general,
  Title={General and Efficient Algorithms for Obtaining Maximally Localized Wannier Functions},
  author={Berghold, G and Mundy, CJ and Romero, AH and Hutter, J and Parrinello, M},
  journal={Phys. Rev. B},
  volume={61},
  pages={10040--10048},
  year={2000}
}

@article{resta1999electron,
  Title={Electron Localization in the Insulating State},
  author={Resta, R and Sorella, S},
  journal={Phys. Rev. Lett.},
  volume={82},
  pages={370--373},
  year={1999}
}

@article{resta1998quantum,
  Title={Quantum-Mechanical Position Operator in Extended Systems},
  author={Resta, R},
  journal={Phys. Rev. Lett.},
  volume={80},
  pages={1800--1803},
  year={1998}
}

@article{bowler2012methods,
  Title={Methods in Electronic Structure Calculations},
  author={Bowler, DR and Miyazaki, T},
  journal={Rep. Prog. Phys.},
  volume={75},
  pages={036503},
  year={2012}
}

@book{zalesny2011linear,
  Title={Linear-Scaling Techniques in Computational Chemistry and Physics: Methods and Applications},
  author={Zale{\'s}ny, R and Papadopoulos, MG and Mezey, PG and Leszczynski, J},
  year={2011},
  publisher={Springer Science \& Business Media}
}

@article{forner1997numerical,
  Title={Numerical Application of the Coupled Cluster Theory with Localized Orbitals to Polymers. IV. Band Structure Corrections in Model Systems and Polyacetylene},
  author={F{\"o}rner, W and Knab, R and {\v{C}}\'{i}{\v{z}}ek, J and Ladik, J},
  journal={J. Chem. Phys.},
  volume={106},
  pages={10248--10264},
  year={1997}
}
  
@article{lehtola2014pipek,
  Title={Pipek--Mezey Orbital Localization Using Various Partial Charge Estimates},
  author={Lehtola, S and J{\'o}nsson, H},
  journal={J. Chem. Theory Comput.},
  volume={10},
  pages={642--649},
  year={2014}
}

@article{silvestrelli1999maximally,
  Title={Maximally Localized Wannier Functions for Simulations with Supercells of General Symmetry},
  author={Silvestrelli, PL},
  journal={Phys. Rev. B},
  volume={59},
  pages={9703--9706},
  year={1999}
}

@article{mulliken1955electronic,
  Title={Electronic Population Analysis on LCAO--MO Molecular Wave Functions},
  author={Mulliken, RS},
  journal={J. Chem. Phys.},
  volume={23},
  pages={1833--1840},
  year={1955}
}

@article{lowdin1950non,
  Title={On the Non-Orthogonality Problem Connected with the Use of Atomic Wave Functions in the Theory of Molecules and Crystals},
  author={L{\"o}wdin, PO},
  journal={J. Chem. Phys.},
  volume={18},
  pages={365--375},
  year={1950}
}

@article{sundberg1979variationally,
  Title={Variationally Deorthogonalized Localized Molecular Orbitals},
  author={Sundberg, KR and Bicerano, J and Lipscomb, WN},
  journal={J. Chem. Phys.},
  volume={71},
  pages={1515--1524},
  year={1979}
}

@article{hoyvik2012orbital,
  Title={Orbital Localization Using Fourth Central Moment Minimization},
  author={H{\o}yvik, IM and Jansik, B and J{\o}rgensen, P},
  journal={J. Chem. Phys.},
  volume={137},
  pages={224114},
  year={2012}
}

@article{weinhold2012natural,
  Title={Natural Bond Orbital Analysis: A Critical Overview of Relationships to Alternative Bonding Perspectives},
  author={Weinhold, F},
  journal={J. Comput. Chem.},
  volume={33},
  pages={2363--2379},
  year={2012}
}

@article{jansik2011local,
  Title={Local Orbitals by Minimizing Powers of the Orbital Variance},
  author={Jans{\'\i}k, B and H{\o}st, S and Kristensen, K and J{\o}rgensen, P},
  journal={J. Chem. Phys.},
  volume={134},
  pages={194104},
  year={2011}
}

@article{jonsson2017theory,
  Title={Theory and Applications of Generalized Pipek--Mezey Wannier Functions},
  author={J{\'o}nsson, Elvar ''{O} and Lehtola, S and Puska, M and J{\'o}nsson, H},
  journal={J. Chem. Theory Comput.},
  volume={13},
  pages={460--474},
  year={2017}
}

@article{hoyvik2013pipek,
  Title={Pipek--Mezey Localization of Occupied and Virtual Orbitals},
  author={H{\o}yvik, IM and Jansik, B and J{\o}rgensen, P},
  journal={J. Comput. Chem.},
  volume={34},
  pages={1456--1462},
  year={2013}
}

@article{luo2020direct,
  author = {Luo, Z and Khaliullin, R Z},
  Title = {Direct Unconstrained Variable-Metric Localization of One-Electron Orbitals
},
  journal = {J. Chem. Theory Comput.},
  volume = {X},
  number = {XX},
  pages = {XXXX--XXXX},
  year = {2020}
}

@article{barr1975improved,
  Title={Improved Convergence in Orbital Localization Methods},
  author={Barr, R and Basch, H},
  journal={Chem. Phys. Lett.},
  volume={32},
  pages={537--540},
  year={1975}
}

@article{edmiston1965localized,
  Title={Localized Atomic and Molecular Orbitals. II},
  author={Edmiston, C and Ruedenberg, K},
  journal={J. Chem. Phys.},
  volume={43},
  pages={S97--S116},
  year={1965}
}

@article{subotnik2005fast,
  title={Fast Localized Orthonormal Virtual Orbitals Which Depend Smoothly on Nuclear Coordinates},
  author={Subotnik, J E and Dutoi, A D and Head-Gordon, M},
  journal={J. Chem. Phys.},
  volume={123},
  pages={114108},
  year={2005}
}

@article{ryback1978application,
  Title={An Application of the Method of Conjugate Gradients to the Calculation of Minimal Basis Set Localized Orbitals},
  author={Ryback, W and Poirier, R and Kari, R},
  journal={Int. J. Quantum Chem.},
  volume={13},
  pages={1--16},
  year={1978}
}

@article{leonard1982quadratically,
  Title={Quadratically Convergent Calculation of Localized Molecular Orbitals},
  author={Leonard, JM and Luken, WL},
  journal={Theor. Chim. Acta},
  volume={62},
  pages={107--132},
  year={1982}
}

@article{kari1984parametrization,
  Title={Parametrization and Comparative Analysis of the BFGS Optimization Algorithm for the Determination of Optimum Linear Coefficients},
  author={Kari, R},
  journal={Int. J. Quantum Chem.},
  volume={25},
  pages={321--329},
  year={1984}
}

@article{hoyvik2012trust,
  Title={Trust Region Minimization of Orbital Localization Functions},
  author={H{\o}yvik, IM and Jansik, B and J{\o}rgensen, P},
  journal={J. Chem. Theory Comput.},
  volume={8},
  pages={3137--3146},
  year={2012}
}

@article{hoyvik2013localized,
  title={Localized Orbitals from Basis Sets Augmented with Diffuse Functions},
  author={H{\o}yvik, I and J{\o}rgensen, P},
  journal={J. Chem. Phys.},
  volume={138},
  pages={204104},
  year={2013}
}

@article{fletcher1964function,
  title={Function minimization by conjugate gradients},
  author={Fletcher, R and Reeves, C. M},
  journal={Comput. J},
  volume={7},
  pages={149--154},
  year={1964},
}

@article{dai1999nonlinear,
  title={A nonlinear conjugate gradient method with a strong global convergence property},
  author={Dai, Y and Yuan, Y},
  journal={SIAM J. Optim},
  volume={10},
  pages={177--182},
  year={1999},
}